<record><leader>00000cas a2200000 a 4500</leader><controlfield tag="001">9706558</controlfield><controlfield tag="008">830715d18431856nyuwr ne      0    0eng c</controlfield><datafield ind1=" " ind2=" " tag="010"><subfield code="a">sn 83030904 </subfield></datafield><datafield ind1=" " ind2=" " tag="040"><subfield code="a">NPU</subfield><subfield code="b">eng</subfield><subfield code="c">NPU</subfield><subfield code="d">NPA</subfield><subfield code="d">NPX</subfield><subfield code="d">UNP</subfield><subfield code="d">YOX</subfield><subfield code="d">KNP</subfield><subfield code="d">NYS</subfield><subfield code="d">YOX</subfield><subfield code="d">NVH</subfield><subfield code="d">NYS</subfield><subfield code="d">MGN</subfield><subfield code="d">CNK</subfield><subfield code="d">NYS</subfield><subfield code="d">NVF</subfield><subfield code="d">OCL</subfield><subfield code="d">NYS</subfield><subfield code="d">KRTAS</subfield><subfield code="d">OCLCQ</subfield><subfield code="d">OCLCF</subfield><subfield code="d">OCLCO</subfield></datafield><datafield ind1=" " ind2=" " tag="019"><subfield code="a">174005733</subfield><subfield code="a">174024007</subfield></datafield><datafield ind1="1" ind2=" " tag="029"><subfield code="a">AU@</subfield><subfield code="b">000020127126</subfield></datafield><datafield ind1=" " ind2=" " tag="042"><subfield code="a">pcc</subfield></datafield><datafield ind1=" " ind2=" " tag="043"><subfield code="a">n-us-ny</subfield></datafield><datafield ind1=" " ind2="4" tag="050"><subfield code="a">AN38.A4</subfield><subfield code="b">A42</subfield></datafield><datafield ind1="0" ind2=" " tag="130"><subfield code="a">Weekly Argus (Albany, N.Y.)</subfield></datafield><datafield ind1="1" ind2="0" tag="245"><subfield code="a">Weekly Argus.</subfield></datafield><datafield ind1="1" ind2="3" tag="246"><subfield code="a">Albany Argus</subfield></datafield><datafield ind1="1" ind2="3" tag="246"><subfield code="a">Weekly Albany Argus</subfield></datafield><datafield ind1=" " ind2=" " tag="260"><subfield code="a">Albany [N.Y.] :</subfield><subfield code="b">Croswell, Van Dyck &amp; Co.,</subfield><subfield code="c">1843-</subfield></datafield><datafield ind1=" " ind2=" " tag="300"><subfield code="a">v. ;</subfield><subfield code="c">52 cm.</subfield></datafield><datafield ind1=" " ind2=" " tag="310"><subfield code="a">Weekly</subfield></datafield><datafield ind1="0" ind2=" " tag="362"><subfield code="a">New ser., v. 3, no. 1 (Jan. 7, 1843)- = Whole no. 550-</subfield></datafield><datafield ind1="1" ind2=" " tag="362"><subfield code="a">Ceased in Feb. 1856.</subfield></datafield><datafield ind1=" " ind2=" " tag="500"><subfield code="a">Editors: Edwin Croswell, &lt;1843-1848&gt;; Sherman Croswell, &lt;1843-1848&gt;.</subfield></datafield><datafield ind1=" " ind2=" " tag="500"><subfield code="a">Publishers: Edwin Croswell &amp; Sherman Croswell, 1843-1848; Edwin Croswell, Sherman Croswell &amp; Samuel M. Shaw, 1849-1850; Edwin Croswell, Sherman Croswell, Samuel M. Shaw &amp; James I. Johnson, 1851; Edwin Croswell, Sherman Croswell &amp; James I. Johnson, 1851-&lt;1853&gt;; Sherman Croswell &amp; Gideon Tucker, 1854; Calvert Comstock &amp; James I. Johnson, &lt;1855&gt;-1856.</subfield></datafield><datafield ind1=" " ind2=" " tag="500"><subfield code="a">Democratic.</subfield></datafield><datafield ind1=" " ind2=" " tag="500"><subfield code="a">"E. Crosswell, State Printer", 1845.</subfield></datafield><datafield ind1=" " ind2=" " tag="500"><subfield code="a">Masthead: River god and goddess flanking circle with sunrise over river. "Excelsior" in band below them.</subfield></datafield><datafield ind1=" " ind2=" " tag="530"><subfield code="a">Also issued on microfilm from the New York Public Library.</subfield></datafield><datafield ind1=" " ind2=" " tag="555"><subfield code="a">Subject index: 1843-1855.</subfield></datafield><datafield ind1=" " ind2="0" tag="651"><subfield code="a">Albany (N.Y.)</subfield><subfield code="v">Newspapers.</subfield></datafield><datafield ind1=" " ind2="0" tag="651"><subfield code="a">Albany County (N.Y.)</subfield><subfield code="v">Newspapers.</subfield></datafield><datafield ind1=" " ind2="7" tag="655"><subfield code="a">Newspapers.</subfield><subfield code="2">fast</subfield><subfield code="0">(OCoLC)fst01423814</subfield></datafield><datafield ind1=" " ind2="7" tag="651"><subfield code="a">New York (State)</subfield><subfield code="z">Albany.</subfield><subfield code="2">fast</subfield><subfield code="0">(OCoLC)fst01225716</subfield></datafield><datafield ind1=" " ind2="7" tag="651"><subfield code="a">New York (State)</subfield><subfield code="z">Albany County.</subfield><subfield code="2">fast</subfield><subfield code="0">(OCoLC)fst01210357</subfield></datafield><datafield ind1=" " ind2=" " tag="752"><subfield code="a">United States</subfield><subfield code="b">New York</subfield><subfield code="c">Albany</subfield><subfield code="d">Albany.</subfield></datafield><datafield ind1="0" ind2=" " tag="775"><subfield code="t">Daily Albany Argus</subfield><subfield code="w">(DLC)sn 83045590</subfield><subfield code="w">(OCoLC)2260077</subfield></datafield><datafield ind1="0" ind2=" " tag="775"><subfield code="t">Albany Argus (Albany, N.Y. : 1828)</subfield><subfield code="w">(DLC)sn 83030908</subfield><subfield code="w">(OCoLC)9707540</subfield></datafield><datafield ind1="0" ind2="0" tag="780"><subfield code="t">Weekly Argus and rough-hewer</subfield><subfield code="w">(DLC)sn 83030905</subfield><subfield code="w">(OCoLC)9706637</subfield></datafield><datafield ind1="0" ind2="7" tag="785"><subfield code="t">Albany weekly Atlas (Albany, N.Y. : 1853)</subfield><subfield code="w">(DLC)sn 83030901</subfield><subfield code="w">(OCoLC)9704074</subfield></datafield><datafield ind1="0" ind2="7" tag="785"><subfield code="t">Atlas &amp; Argus (Albany, N.Y. : Weekly)</subfield><subfield code="w">(DLC)sn 83030903</subfield><subfield code="w">(OCoLC)9706487</subfield></datafield><datafield ind1=" " ind2=" " tag="938"><subfield code="a">Kirtas Technologies, Inc.</subfield><subfield code="b">KRTS</subfield><subfield code="n">737090</subfield></datafield></record>